<?xml version="1.0" encoding="UTF-8"?><collection xmlns="http://www.loc.gov/MARC21/slim"><record><leader>00589nam--2200217-u-4500</leader><controlfield tag="001">000050393</controlfield><controlfield tag="002">20161230</controlfield><controlfield tag="003">81804</controlfield><controlfield tag="005">20161230201048</controlfield><controlfield tag="008">070223s1000------------r-----000-0-eng-d</controlfield><datafield ind1=" " ind2=" " tag="040"><subfield code="a">IFIN-HH</subfield></datafield><datafield ind1=" " ind2=" " tag="041"><subfield code="a">rum</subfield></datafield><datafield ind1="1" ind2="0" tag="100"><subfield code="a">Socol Gabriel</subfield></datafield><datafield ind1="1" ind2="0" tag="245"><subfield code="a">Straturi subtiri de biomateriale obtinute prin metoda de depunere laser pulsata pentru o noua generatie de implanturi medicale</subfield></datafield><datafield ind1=" " ind2=" " tag="250"><subfield code="a">teza de doctorat</subfield></datafield><datafield ind1=" " ind2=" " tag="260"><subfield code="a">Bucuresti</subfield><subfield code="b">Infa</subfield><subfield code="c">2006</subfield></datafield><datafield ind1=" " ind2=" " tag="300"><subfield code="a">200p</subfield></datafield><datafield ind1=" " ind2="4" tag="650"><subfield code="a">optica</subfield></datafield><datafield ind1="1" ind2=" " tag="700"><subfield code="a">Gabriel Socol</subfield></datafield><datafield ind1=" " ind2=" " tag="852"><subfield code="a">81804</subfield></datafield><datafield ind1=" " ind2=" " tag="CAT"><subfield code="a">Sys</subfield><subfield code="c">20070223</subfield><subfield code="h">112127</subfield></datafield></record></collection>